@misc{MemoryProblems,
	author = {MSRC Team},
	title = {A proactive approach to more secure code},
	howpublished = {\url{https://msrc.microsoft.com/blog/2019/07/a-proactive-approach-to-more-secure-code/}},
	year = {2019},
	note = {[Accessed 29-01-2025]},
}

@misc{WikiCrowdStrike,
	author = {Wikipedia},
	title = {Guasto informatico di CrowdStrike del 2024},
	howpublished = {\url{https://it.wikipedia.org/wiki/Guasto_informatico_di_CrowdStrike_del_2024}},
	year = {2025},
	note = {[Accessed 29-01-2025]},
}

@misc{CrowdStrikeReport,
	author = {CrowdStrike},
	title = {Remediation and Guidance Hub: Channel File 291 Incident},
	howpublished = {\url{https://www.crowdstrike.com/falcon-content-update-remediation-and-guidance-hub/}},
	year = {2024},
	note = {[Accessed 29-01-2025]},
}

@misc{Therac-25,
	author = {Wikipedia},
	title = {Therac-25},
	howpublished = {\url{https://it.wikipedia.org/wiki/Therac-25}},
	year = {2025},
	note = {[Accessed 29-01-2025]},
}

@misc{NintendoLooseMoney,
	author = {Ciabai Calin},
	title = {Almost 1 Billion Dollars Lost by Nintendo in 2007},
	howpublished = {\url{https://news.softpedia.com/news/Almost-1-Billion-Dollars-Lost-by-Nintendo-in-2007-78918.shtml#:~:text=%22We%20estimate%20that%20in%202007,aggressively%20curtail%20this%20illegal%20activity.%22}},
	year = {2008},
	note = {[Accessed 29-01-2025]},
}

@misc{LondonWhale,
	author = {Milmo Dan},
	title = {Microsoft Excel’s bloopers reel: nearly 40 years of spreadsheet errors - Whale-sized mistake},
	howpublished = {\url{https://www.theguardian.com/technology/2024/oct/28/microsoft-excels-bloopers-reel-40-years-of-spreadsheet-errors}},
	year = {2024},
	note = {[Accessed 29-01-2025]},
}

@misc{Lions1996,
	author = {Lyons J.L.},
	title = {N° 33-1996: Ariane 501 - Presentation of Inquiry Board report},
	howpublished = {\url{https://www.esa.int/Newsroom/Press_Releases/Ariane_501_-_Presentation_of_Inquiry_Board_report#:~:text=A%20detailed%20account%20is%20given,seconds%20after%20lift%2Doff}},
	year = {1996},
	note = {[Accessed 30-01-2025]},
}





@misc{quantuminspireCQASMError,
	author = {De Voorhoede},
	title = {c{Q}{A}{S}{M}: {E}rror models --- quantum-inspire.com},
	howpublished = {\url{https://www.quantum-inspire.com/kbase/cqasm-error-models/}},
	year = {},
	note = {[Accessed 5-01-2025]},
}

@article{PhysRevA.105.062404,
  title = {Measurement error mitigation in quantum computers through classical bit-flip correction},
  author = {Funcke, Lena and Hartung, Tobias and Jansen, Karl and K\"uhn, Stefan and Stornati, Paolo and Wang, Xiaoyang},
  journal = {Phys. Rev. A},
  volume = {105},
  issue = {6},
  pages = {062404},
  numpages = {24},
  year = {2022},
  month = {Jun},
  publisher = {American Physical Society},
  doi = {10.1103/PhysRevA.105.062404},
  url = {https://link.aps.org/doi/10.1103/PhysRevA.105.062404}
}

@misc{pennylaneQmlThermalRelaxationErrorPennyLane,
	author = {PennyLane autors},
	title = {qml.{T}hermal{R}elaxation{E}rror — {P}enny{L}ane --- docs.pennylane.ai},
	howpublished = {\url{https://docs.pennylane.ai/en/stable/code/api/pennylane.ThermalRelaxationError.html}},
	year = {2024},
	note = {[Accessed 14-01-2025]},
}

@misc{ZNE,
    author={Javadi-Abhari, Ali and Treinish, Matthew and Krsulich, Kevin and Wood, Christopher J. and Lishman, Jake and Gacon, Julien and Martiel, Simon and Nation, Paul D. and Bishop, Lev S. and Cross, Andrew W. and Johnson, Blake R. and Gambetta, Jay M.},
	title = {Error mitigation and suppression techniques - Zero-noise extrapolation (ZNE)},
	howpublished = {\url{https://docs.quantum.ibm.com/guides/error-mitigation-and-suppression-techniques#zero-noise-extrapolation-zne}},
	year = {2024},
	note = {[Accessed 11-01-2025]},
}

@misc{Code,
    author={Pazzi ,Giulio Maximilian and Bernini, Francesco and Persiani, Rocco},
	title = {Grover algorithm},
	howpublished = {\url{https://github.com/FrancescoBernini/Grover-algorithm}},
	year = {2024}
}